<?xml version="1.0" encoding="UTF-8"?><collection xmlns="http://www.loc.gov/MARC21/slim"><record><leader>00624nam--2200205-i-4500</leader><controlfield tag="001">000011271</controlfield><controlfield tag="002">20161230</controlfield><controlfield tag="005">20161230201029</controlfield><controlfield tag="008">060222s1000------------r-----000-0-fre-d</controlfield><datafield ind1=" " ind2=" " tag="040"><subfield code="a">IFIN-HH</subfield></datafield><datafield ind1=" " ind2=" " tag="041"><subfield code="a">fre</subfield></datafield><datafield ind1=" " ind2=" " tag="080"><subfield code="a">536.24:541.118:533.9</subfield></datafield><datafield ind1="1" ind2=" " tag="100"><subfield code="a">Chaudron, Georges</subfield></datafield><datafield ind1="1" ind2="0" tag="245"><subfield code="a">Les hautes temperatures et leurs utilisation en physique et en chimie</subfield><subfield code="c">Georges chaudron; felix trombe</subfield></datafield><datafield ind1=" " ind2=" " tag="260"><subfield code="a">Paris</subfield><subfield code="b">Messon Et C-ie Editeurs</subfield><subfield code="c">1973</subfield></datafield><datafield ind1=" " ind2=" " tag="300"><subfield code="a">DEUX VOLUMES</subfield></datafield><datafield ind1="1" ind2=" " tag="700"><subfield code="a">Trombe, Felix</subfield></datafield><datafield ind1="1" ind2=" " tag="787"><subfield code="a">Tome Ii</subfield><subfield code="b">Mesures Physiques A Hautes Temperatures</subfield></datafield><datafield ind1=" " ind2=" " tag="852"><subfield code="a">41970</subfield><subfield code="c">536</subfield></datafield><datafield ind1=" " ind2=" " tag="CAT"><subfield code="a">Sys</subfield><subfield code="c">20110509</subfield><subfield code="h">153002</subfield></datafield></record></collection>